@article{wdislums,
  author = {Friesen. Rausch. Pelz. Furnkranz},
  year = {2018},
  title = {Determining Factors for Slum Growth with Predictive Data Mining Methods},
  journal = {Urban Science},
  address = {Basel, Switzerland},
  publisher={MDPI}
}

@article{Henderson,
  title={Urbanization in Developing Countries},
  author={Vernon Henderson},
  journal={The World Bank Research Observer},
  volume={17},
  number={1},
  pages={89--112},
  year={2002},
  publisher={The International Bank for Reconstruction and Development}
}


@article{LuiZhang,
  title={Cities without slums? China's land regime and dual-track urbanization},
  author={Shouying Liu. Yue Zhang},
  journal={Elsevier},
  year={2020},
  publisher={The International Bank for Reconstruction and Development}
}


@article{Marx,
  title={The Economics of Slums in the Developing World},
  author={Marx. Stoker. Suri},
  journal={Journal of Economics Perspectives},
  volume={27},
  number={4},
  pages={187--210},
  year={2013}
}


@article{MTSU,
    journal = {MTSU},
    title = {Study on appropriate institutional models for Slum Free Mumbai \& Urban Renewal},
    author = {Mumbai Transformation Support Unit (MTSU)},
    year = {2015},
    publisher={Mumbai: MTSU}
}

@article{Amegah,
  title={Slum decay in Sub-Saharan Africa},
  author={A. Kofi Amegah},
  journal={J Urban Health},
  volume={84},
  pages={27–34},
  year={2007}
}


@article{Teye,
  title={Urbanization and migration in Africa},
  author={Joseph Teye},
  journal={United Nations Expert Group Meeting For The Review And Appraisal Of The Programme Of Action Of The International Conference On Population And Development And Its Contribution To The Follow-Up And Review Of The 2030 Agenda For Sustainable Development},
  year={2018}
}

@misc{WBGBMD,
  title = {Global Bilateral Migration},
  author = {The World Bank},
  year = {2011},
  note = {data retrieved from Global Bilateral Migration Database, 
          \url{https://databank.worldbank.org/source/global-bilateral-migration}},
}

@article{GaryKing,
  title={A Solution to the Ecological Inference Problem: Reconstructing Individual Behavior from Aggregate Data},
  author={Gary King},
  journal={Princeton University Press},
  year={1997}
}

@misc{WBslums,
  title = {Population living in slums (\% of urban population)},
  author = {The World Bank},
  year = {2011},
  note = {data retrieved from Global Bilateral Migration Database, 
          \url{https://data.worldbank.org/indicator/EN.POP.SLUM.UR.ZS}},
}

@misc{Numbeo,
  title = {Property Prices},
  author = {Numbeo},
  year = {2023},
  note = {data retrieved from surveys in cities around the world, 
          \url{https://www.numbeo.com/property-investment}},
}

@misc{UNslumdef,
  title={SDG indicator metadata},
  author={UN Habitat},
  year={2021}
}


@article{Mackay,
  title={Discrete Choice Modelling of Urban Housing Markets: A Critical Review and an Application. Urban Studies},
  author={Yates J. \& Mackay D.F.},
  journal={Urban Studies},
  volume={43},
  number={3},
  pages={559–581},
  year={2006},
  note = {\url{http://www.jstor.org/stable/43198350}}
}

@article{Badmos,
  title={Determinants of residential location choices by slum dwellers in Lagos megacity},
  author={Olabisi S. Badmos et al},
  journal={Cities: The international Journal of Urban Policy and Planning},
  volume={98},
  year={2020},
  note = {\url{https://www.sciencedirect.com/science/article/pii/S0264275118312708}}
}


@article{Deeyah,
  title={Determinants of household residential location choice among informal settlers in Port Harcourt},
  author={Deeyah, Christopher L et al},
  journal={MOJ Eco Environ Sci},
  volume={6},
  issue={4},
  year={2021},
  note = {DOI: \url{10.15406/mojes.2021.06.00222}}
}

@article{Celhay,
  title={Location Preferences and Slums Formation: Evidence from a Panel of Residence Histories choice among informal settlers in Port Harcourt},
  author={Pablo A. Celhay and Raimundo Undurraga},
  journal = {},
  year={2019},
  note = {\url{https://sistemas.colmex.mx/Reportes/LACEALAMES/LACEA-LAMES2019_paper_163.pdf}}
}

@article{Roy,
  title={Understanding resilience in slums using an agent-based model},
  author={Debraj Roya, Michael Leesa},
  journal={Computers, Environment and Urban Systems},
  year={2020},
  note = {\url{https://ris.utwente.nl/ws/files/166922314/reschoice.pdf}}
}

@article{Das,
  title={Do Neighbourhood Facilities Matter for Slum Housing? Evidence from Indian Slum Clusters.},
  author={Das, Saudamini, et al.},
  journal={Urban Studies},
  volume={54},
  number={8},
  year={2017},
  pages={1887–904},
  note = {\url{https://www.jstor.org/stable/26151452}}
}

@misc{pjcode,
    author={Gundam, Pranay},
    year={2022-2023},
    title={city-visualization},
    note={\url{https://github.com/pranay-gundam/slum-lights/tree/main/city-visualization}}
}


@misc{slumdata,
  title = {Know Your City (KYC) data portal},
  author = {Slum Dwellers International},
  year = {2023},
  note = {data webscraped from \url{https://sdinet.org/explore-our-data/}},
}

@misc{popdata,
  title = {Unconstrained individual countries 2000-2020 population UN adjusted count datasets},
  author = {WorldPop Hub},
  year = {2019},
  note = {\url{https://hub.worldpop.org/geodata/listing?id=77}},
}

@misc{lightdata,
  title = {Global DMSP-OLS Nighttime Lights Time Series 1992 - 2013 (Version 4)},
  author = {NOAA's National Geophysical Data Center},
  year = {2023},
  note = {DMSP data collected by the US Air Force Weather Agency.\url{https://ngdc.noaa.gov/eog/dmsp/downloadV4composites.html}},
}